<?xml version="1.0" encoding="UTF-8"?><collection xmlns="http://www.loc.gov/MARC21/slim"><record><leader>00600nam--2200193-i-4500</leader><controlfield tag="001">000024909</controlfield><controlfield tag="002">20161230</controlfield><controlfield tag="005">20161230201035</controlfield><controlfield tag="008">060222s1000------------r-----000-0-eng-d</controlfield><datafield ind1=" " ind2=" " tag="020"><subfield code="a">0125053479</subfield></datafield><datafield ind1=" " ind2=" " tag="040"><subfield code="a">IFIN-HH</subfield></datafield><datafield ind1=" " ind2=" " tag="080"><subfield code="a">539.143.43</subfield></datafield><datafield ind1="1" ind2=" " tag="100"><subfield code="a">Mooney, E.F</subfield></datafield><datafield ind1="1" ind2="0" tag="245"><subfield code="a">Annual reports on nmr spectroscopy</subfield><subfield code="b">Volume 3, 4, 5a, 5b, 6a, 6b, 6c</subfield><subfield code="c">E.f.mooney (ed.)</subfield></datafield><datafield ind1=" " ind2=" " tag="260"><subfield code="a">London</subfield><subfield code="b">Academic Press</subfield><subfield code="c">1970-1977</subfield></datafield><datafield ind1=" " ind2=" " tag="300"><subfield code="a">7 VOLUME</subfield></datafield><datafield ind1="1" ind2=" " tag="787"><subfield code="a">Volume 6c</subfield><subfield code="d">1977</subfield><subfield code="h">658p</subfield><subfield code="t">Nmr Data On Orgsnic-metal Carbonyl Complexes (1965-1971)</subfield></datafield><datafield ind1=" " ind2=" " tag="852"><subfield code="a">28724</subfield><subfield code="c">539.143.43</subfield></datafield><datafield ind1=" " ind2=" " tag="CAT"><subfield code="a">Sys</subfield><subfield code="c">20120503</subfield><subfield code="h">104639</subfield></datafield></record></collection>